@string{SV = "Springer-Verlag"}

@misc{Test_unitaire,
  author =       {Wikip\'edia},
  title =        {{Test unitaire}},
  year =         2015,
  howpublished = "\url{http://fr.wikipedia.org/wiki/Test_unitaire}",
  note = "[Online; accessed 19-April-2015]"
}

@misc{Eval,
  author =       {Le journal du Net},
  title =        {{2048 : la solution pour gagner (presque) Ã  tous les coups}},
  year =         2015,
  howpublished = "\url{http://www.journaldunet.com/ebusiness/internet-mobile/solution-2048.shtml}",
  note = 		"[Online; accessed 19-April-2015]"
}
